@article{DBLP:journals/cacm/KnuthS21,
  author    = {Donald E. Knuth and
               Len Shustek},
  title     = {Let's not dumb down the history of computer science},
  journal   = {Commun. {ACM}},
  volume    = {64},
  number    = {2},
  pages     = {33--35},
  year      = {2021},
  url       = {https://doi.org/10.1145/3442377},
  doi       = {10.1145/3442377},
  timestamp = {Wed, 17 Feb 2021 00:00:00 +0100},
  biburl    = {https://dblp.org/rec/journals/cacm/KnuthS21.bib},
  bibsource = {dblp computer science bibliography, https://dblp.org}
}

@book{DBLP:books/daglib/0030428,
  author    = {Donald E. Knuth},
  title     = {Companion to the papers of Donald Knuth},
  series    = {{CSLI} lecture notes series},
  volume    = {202},
  publisher = {Cambridge University Press},
  year      = {2012},
  url       = {http://cslipublications.stanford.edu/site/9781575866345.shtml},
  isbn      = {978-1-57586-634-5},
  timestamp = {Tue, 19 Feb 2013 00:00:00 +0100},
  biburl    = {https://dblp.org/rec/books/daglib/0030428.bib},
  bibsource = {dblp computer science bibliography, https://dblp.org}
}

@book{DBLP:books/aw/Knuth73,
  author    = {Donald E. Knuth},
  title     = {The Art of Computer Programming, Volume {III:} Sorting and Searching},
  publisher = {Addison-Wesley},
  year      = {1973},
  isbn      = {0-201-03803-X},
  timestamp = {Thu, 03 Jan 2002 00:00:00 +0100},
  biburl    = {https://dblp.org/rec/books/aw/Knuth73.bib},
  bibsource = {dblp computer science bibliography, https://dblp.org}
}

% Taken from: https://dblp.org/pid/k/DonaldEKnuth.html?view=bibtex
